@article{diebel06,
    author={James Diebel},
    title={Representing Attitude: Euler Angles, Unit Quaternions, and Rotation Vectors},
    year={2006}
}

@article{pletinckx89,
    author={Daniel Pletinckx},
    title={Quaternion calculus as a basic tool in computer graphics},
    journal={The Visual Computer},
    pages={2--13},
    number={2},
    volume={5},
    year={1989}
}

